@article{CCP_PPAD,
  author    = {Fr{\'{e}}d{\'{e}}ric Meunier and
               Wolfgang Mulzer and
               Pauline Sarrabezolles and
               Yannik Stein},
  title     = {The Rainbow at the End of the Line - {A} {PPAD} Formulation of the
               Colorful Carath{\'{e}}odory Theorem with Applications},
  journal   = {CoRR},
  volume    = {abs/1608.01921},
  year      = {2016},
  url       = {http://arxiv.org/abs/1608.01921},
  archivePrefix = {arXiv},
  eprint    = {1608.01921},
  timestamp = {Wed, 07 Jun 2017 14:40:27 +0200},
  biburl    = {http://dblp.org/rec/bib/journals/corr/MeunierMSS16},
  bibsource = {dblp computer science bibliography, http://dblp.org}
}

